@techreport{Camille2018,
    title = {{Computer and Internet Use in the United States: 2016}},
    year = {2017},
    author = {Camille, Ryan},
    number = {August},
    pages = {1--14},
    publisher = {U.S. Department of Commerce},
    institution = {U.S. Census Bureau},
    address = {Washington, DC}
}

@techreport{TheInternetSociety2019,
    title = {{Consolidation in the Internet Economy}},
    year = {2019},
    author = {{The Internet Society}},
    pages = {1--75},
    institution = {The Internet Society},
    address = {Reston, Virginia}
}

@article{Bai2018,
    title = {{Corrigendum to ``The faster, the better? The impact of internet speed on employment''}},
    year = {2018},
    journal = {Information Economics and Policy},
    author = {Bai, Yang},
    pages = {61},
    volume = {44},
    publisher = {Elsevier B.V.},
    url = {http://dx.doi.org/10.1016/j.infoecopol.2017.06.004},
    doi = {10.1016/j.infoecopol.2018.05.002},
    issn = {01676245},
    keywords = {Broadband, Download speed, Employment}
}

@misc{FederalCommunicationsCommission,
    title = {{Fixed Broadband Deployment Map}},
    author = {{Federal Communications Commission}},
    url = {https://broadbandmap.fcc.gov},
    institution = {Federal Communications Commission}
}

@misc{Tange2011,
    title = {{GNU Parallel}},
    year = {2011},
    author = {Tange, Ole},
    publisher = {Free Software Foundation},
    url = {https://www.gnu.org/software/parallel/},
    address = {Fredericksberg, Denmark},
    doi = {10.5281/zenodo.16303}
}

@article{Fabian2018,
    title = {{Internet Connectivity of Financial Services - A Graph-Based Analysis}},
    year = {2018},
    journal = {SSRN Electronic Journal},
    author = {Fabian, Benjamin and Ghazaryan, Zaruhi and Ermakova, Tatiana},
    pages = {1--31},
    doi = {10.2139/ssrn.3213204},
    keywords = {availability, financial services, graph, internet connectivity, online banking, online payments}
}

@techreport{MozillaFoundation2019,
    title = {{Internet Health Report 2019}},
    year = {2019},
    author = {{Mozilla Foundation}},
    pages = {1--119},
    institution = {Mozilla Foundation},
    address = {Mountain View, California},
    isbn = {9783837649468},
    doi = {10.14361/9783839449462}
}

@misc{Google2019a,
    title = {{IPv6 Statistics}},
    year = {2019},
    author = {{Google}},
    url = {https://www.google.com/intl/en/ipv6/statistics.html#tab=per-country-ipv6-adoption}
}

@article{Ford2018,
    title = {{Is faster better? Quantifying the relationship between broadband speed and economic growth}},
    year = {2018},
    journal = {Telecommunications Policy},
    author = {Ford, George S.},
    number = {9},
    pages = {766--777},
    volume = {42},
    publisher = {Elsevier Ltd},
    url = {https://doi.org/10.1016/j.telpol.2018.05.006},
    doi = {10.1016/j.telpol.2018.05.006},
    issn = {03085961}
}

@techreport{TheInternetSociety2018,
    title = {{State of IPv6 Deployment 2018}},
    year = {2018},
    author = {{The Internet Society}},
    pages = {1--10},
    url = {https://www.internetsociety.org/resources/2018/state-of-ipv6-deployment-2018/},
    institution = {The Internet Society},
    address = {Reston, Virginia}
}

@misc{Fakult2019,
    title = {{The Internet Connected Project}},
    year = {2019},
    author = {Fakult, Jacob and Levasseur, Kenneth},
    pages = {1--40},
    institution = {Worcester Polytechnic Institute},
    address = {Worcester, Massachussetts}
}

@misc{Tachalova2017,
    title = {{This Is What They Search For: The Most Popular US Industries {\&} Traffic Shares}},
    year = {2017},
    booktitle = {Moz.com},
    author = {Tachalova, Alexandra},
    url = {https://moz.com/blog/most-popular-us-industries-traffic-shares}
}

@article{Fabian2015,
    title = {{Topological analysis of cloud service connectivity}},
    year = {2015},
    journal = {Computers and Industrial Engineering},
    author = {Fabian, Benjamin and Baumann, Annika and Lackner, Jessika},
    pages = {151--165},
    volume = {88},
    publisher = {Elsevier Ltd},
    url = {http://dx.doi.org/10.1016/j.cie.2015.06.009},
    doi = {10.1016/j.cie.2015.06.009},
    issn = {03608352},
    keywords = {Availability, Cloud computing, Complex networks, Connectivity}
}